<zs:record>
      <zs:recordPacking>xml</zs:recordPacking>
      <zs:recordData>
        <record xmlns="http://www.loc.gov/MARC21/slim">
          <leader>00541nz a2200121 4500</leader>
          <controlfield tag="001">30076575</controlfield>
          <controlfield tag="003">RISM</controlfield>
          <controlfield tag="005">20121108</controlfield>
          <controlfield tag="008">121108n||az|||||||##########||||||||||||</controlfield>
          <datafield tag="043" ind1=" " ind2=" ">
            <subfield code="c">Mexico</subfield>
          </datafield>
          <datafield tag="110" ind1="2" ind2=" ">
            <subfield code="a">Conservatorio de las Rosas, Archivo Musical del Colegio de Santa Rosa de Santa
              María</subfield>
            <subfield code="c">Morelia</subfield>
            <subfield code="g">MEX-MOcr</subfield>
          </datafield>
          <datafield tag="622" ind1=" " ind2=" ">
            <subfield code="e">Conservatorio de las Rosas, Archivo, Musical del Colegio de Santa Rosa de, Santa María,
              SantiagoTapia No. 334, Centro Histórico, 58000 Morelia (Michoacán)</subfield>
            <subfield code="u">http://www.conservatoriodelasrosas.edu.mx/</subfield>
          </datafield>
          <datafield tag="852" ind1="2" ind2=" ">
            <subfield code="b">19.7443048, -101.2122487</subfield>
          </datafield>
          <idzebra xmlns="http://www.indexdata.dk/zebra/">
            <size>541</size>
            <score>761</score>
            <localnumber>834561</localnumber>
            <filename>sigla/sigla.mrc</filename>
          </idzebra>
        </record>
      </zs:recordData>
      <zs:recordPosition>7</zs:recordPosition>
    </zs:record>