<zs:record>
      <zs:recordPacking>xml</zs:recordPacking>
      <zs:recordData>
        <record xmlns="http://www.loc.gov/MARC21/slim">
          <leader>00485nz a2200121 4500</leader>
          <controlfield tag="001">30076577</controlfield>
          <controlfield tag="003">RISM</controlfield>
          <controlfield tag="005">20121108</controlfield>
          <controlfield tag="008">121108n||az|||||||##########||||||||||||</controlfield>
          <datafield tag="043" ind1=" " ind2=" ">
            <subfield code="c">Mexico</subfield>
          </datafield>
          <datafield tag="110" ind1="2" ind2=" ">
            <subfield code="a">Archivo Histórico de la Arquidiócesis de Antequera Oaxaca</subfield>
            <subfield code="c">Oaxaca de Juárez</subfield>
            <subfield code="g">MEX-Oc</subfield>
          </datafield>
          <datafield tag="410" ind1="2" ind2=" ">
            <subfield code="a">Catedral, Archivo Histórico de la Mitra</subfield>
          </datafield>
          <datafield tag="622" ind1=" " ind2=" ">
            <subfield code="e">Archivo Histórico de la Arquidiócesis de, Antequera Oaxaca, Colonia Centro Junto a
              Catedral, Independencia, 700, 68000 Oaxaca de Juárez, Mexico</subfield>
          </datafield>
          <idzebra xmlns="http://www.indexdata.dk/zebra/">
            <size>485</size>
            <score>761</score>
            <localnumber>834563</localnumber>
            <filename>sigla/sigla.mrc</filename>
          </idzebra>
        </record>
      </zs:recordData>
      <zs:recordPosition>9</zs:recordPosition>
    </zs:record>